@misc
{refAnalyseSyntaxique,
author={wikipedia},
title={Analyse syntaxique},
month={mars},
year={2013},
note={www.fr.wikipedia.org}
}